<?xml version="1.0" encoding="UTF-8"?><collection xmlns="http://www.loc.gov/MARC21/slim"><record><leader>00435nam--2200133-i-4500</leader><controlfield tag="001">000019882</controlfield><controlfield tag="002">20161230</controlfield><controlfield tag="005">20161230201033</controlfield><controlfield tag="008">060222s1000------------r-----000-0-eng-d</controlfield><datafield ind1=" " ind2=" " tag="100"><subfield code="a">Duff, William G., White, Donald R.J</subfield></datafield><datafield ind1=" " ind2=" " tag="245"><subfield code="a">Emi prediction and analysis techniques</subfield></datafield><datafield ind1=" " ind2=" " tag="260"><subfield code="a">Germantown, Don White Consultants, 1972. Xxxii + /P.Dif.</subfield></datafield><datafield ind1=" " ind2=" " tag="490"><subfield code="a">A Handbook Series On Electromagnetic Interference And Compatibility</subfield></datafield><datafield ind1=" " ind2=" " tag="852"><subfield code="a">48668</subfield></datafield></record></collection>